@article{shapkin-automation-2022,
  series = {2022 {Annual} {International} {Conference} on {Brain}-{Inspired}
  {Cognitive} {Architectures} for {Artificial} {Intelligence}: {The} 13th
  {Annual} {Meeting} of the {BICA} {Society}},
  title = {Automation of {Configuration}, {Initialization} and {Deployment} of
  {Applications} {Based} on an {Algebraic} {Approach}},
  volume = {213},
  issn = {1877-0509},
  url = {https://www.sciencedirect.com/science/article/pii/S1877050922018348},
  doi = {10.1016/j.procs.2022.11.135},
  abstract = {Thanks to the development of cloud platforms and containerization
  technologies, the spectrum of opportunities for deploying complex
  multi-component systems is extremely wide. On the one hand, the available
  tools unify the solution of complex problems. But on the other hand they do
  not have sufficient means for automatic synthesis and analysis. The article
  presents an approach that allows unifying and automating the task of building
  deployment and initialization code for of multi-component software systems.
  The proposed solution is based on the use of applicative computing systems and
  abstract algebraic structures that are interpreted in various ways to generate
  various parts of the software system.},
  language = {en},
  urldate = {2022-11-26},
  journal = {Procedia Computer Science},
  author = {Shapkin, Pavel},
  month = jan,
  year = {2022},
  keywords = {tagless final, applicative computing systems, containerization,
  orchestration, junctus},
  pages = {785--792},
}

@article{bernstein-containers-2014,
  title = {Containers and {Cloud}: {From} {LXC} to {Docker} to {Kubernetes}},
  volume = {1},
  issn = {2325-6095},
  shorttitle = {Containers and {Cloud}},
  doi = {10.1109/MCC.2014.51},
  abstract = {This issue's "Cloud Tidbit" focuses on container technology and how it's emerging as an important part of the cloud computing infrastructure. It looks at Docker, an open source project that automates the faster deployment of Linux applications, and Kubernetes, an open source cluster manager for Docker containers.},
  number = {3},
  journal = {IEEE Cloud Computing},
  author = {Bernstein, David},
  month = sep,
  year = {2014},
  note = {Conference Name: IEEE Cloud Computing},
  keywords = {cloud, containers, kubernetes},
  pages = {81--84},
}

@Book{wolfengagen-combinatory-2008,
  author    = {Вольфенгаген, В. Э.},
  title     = {Комбинаторная логика в программировании. Вычисления с объектами в
  примерах и задачах.},
  publisher = {М.: Институт <<ЮрИнфоР МГУ>>},
  year      = {2008},
  numpages  = {X+384},
  edition   = {3-е изд., дополн. и перераб.},
  language  = "russian"
}

@Book{pierce-types-2012-ru,
  author    = {Пирс, Б.},
  title     = {Типы в языках программирования},
  publisher = {Лямбда пресс, Добросвет},
  year      = {2012},
  language  = "russian"
}

@book{wolfengagen-methods-2008,
  address = {М.},
  title = {Методы и средства вычислений с объектами. Аппликативные вычислительные системы},
  language = {russian},
  publisher = {ЮрИнфоР},
  author = {Вольфенгаген, В. Э.},
  year = {2004},
  keywords = {lambda calculus}
}

@misc{cats,
  title = {Cats: {Home}},
  shorttitle = {Cats},
  url = {http://typelevel.org/cats/},
  abstract = {Lightweight, modular, and extensible library for functional programming},
  urldate = {2019-12-03},
  journal = {Cats},
  keywords = {functional programming, scala},
}

@misc{cats-effect,
  title = {Cats {Effect}},
  url = {https://typelevel.org/cats-effect/},
  abstract = {The IO Monad for Scala},
  urldate = {2019-12-03},
  journal = {Cats Effect},
  keywords = {functional programming, scala, side effects},
}

@INPROCEEDINGS{iaas2017,
  author={Artac, Matej and Borovssak, Tadej and Di Nitto, Elisabetta and Guerriero, Michele and Tamburri, Damian Andrew},
  booktitle={2017 IEEE/ACM 39th International Conference on Software Engineering Companion (ICSE-C)},
  title={DevOps: Introducing Infrastructure-as-Code},
  year={2017},
  volume={},
  number={},
  pages={497-498},
  doi={10.1109/ICSE-C.2017.162}
}

@misc{kubectl,
	title = {kubectl {Cheat} {Sheet}},
	year = {2023},
	url = {https://kubernetes.io/docs/reference/kubectl/cheatsheet/},
  urldate = {2023-06-09},
}

@article{howard2022terraform,
  title={Terraform--Automating Infrastructure as a Service},
  author={Howard, Michael},
  journal={arXiv preprint arXiv:2205.10676},
  year={2022}
}

@article{carrion2022kubernetes,
  title={Kubernetes scheduling: Taxonomy, ongoing issues and challenges},
  author={Carri{\'o}n, Carmen},
  journal={ACM Computing Surveys},
  volume={55},
  number={7},
  pages={1--37},
  year={2022},
  publisher={ACM New York, NY}
}


@article{turin2023predicting,
  title={Predicting resource consumption of Kubernetes container systems using resource models},
  author={Turin, Gianluca and Borgarelli, Andrea and Donetti, Simone and Damiani, Ferruccio and Johnsen, Einar Broch and Tarifa, S Lizeth Tapia},
  journal={Journal of Systems and Software},
  pages={111750},
  year={2023},
  publisher={Elsevier}
}

@inproceedings{bijon2014formal,
  title={A formal model for isolation management in cloud infrastructure-as-a-service},
  author={Bijon, Khalid Zaman and Krishnan, Ram and Sandhu, Ravi},
  booktitle={Network and System Security: 8th International Conference, NSS 2014, Xi’an, China, October 15-17, 2014, Proceedings 8},
  pages={41--53},
  year={2014},
  organization={Springer}
}

@article{amato2018improving,
  title={Improving security in cloud by formal modeling of IaaS resources},
  author={Amato, Flora and Moscato, Francesco and Moscato, Vincenzo and Colace, Francesco},
  journal={Future Generation Computer Systems},
  volume={87},
  pages={754--764},
  year={2018},
  publisher={Elsevier}
}

@inproceedings{de2012formal,
  title={Formal modeling of resource management for cloud architectures: An industrial case study},
  author={De Boer, Frank S and H{\"a}hnle, Reiner and Johnsen, Einar Broch and Schlatte, Rudolf and Wong, Peter YH},
  booktitle={Service-Oriented and Cloud Computing: First European Conference, ESOCC 2012, Bertinoro, Italy, September 19-21, 2012. Proceedings 1},
  pages={91--106},
  year={2012},
  organization={Springer}
}

@inproceedings{bohm2021profiling,
  title={Profiling Lightweight Container Platforms: MicroK8s and K3s in Comparison to Kubernetes.},
  author={B{\"o}hm, Sebastian and Wirtz, Guido},
  booktitle={ZEUS},
  pages={65--73},
  year={2021}
}

@book{jourdan2017infrastructure,
  title={Infrastructure as Code (IAC) Cookbook},
  author={Jourdan, Stephane and Pom{\`e}s, Pierre},
  year={2017},
  publisher={Packt Publishing Ltd}
}

@book{sayfan2017mastering,
  title={Mastering kubernetes},
  author={Sayfan, Gigi},
  year={2017},
  publisher={Packt Publishing Ltd}
}

@book{davis2021bootstrapping,
  title={Bootstrapping Microservices with Docker, Kubernetes, and Terraform: A project-based guide},
  author={Davis, Ashley},
  year={2021},
  publisher={Simon and Schuster}
}

@inproceedings{moors2008safe,
  title={Safe type-level abstraction in Scala},
  author={Moors, Adriaan and Piessens, Frank and Odersky, Martin},
  booktitle={International Workshop on Foundations of Object-Oriented Languages (FOOL 2008)},
  year={2008}
}
